<?xml version="1.0" encoding="UTF-8"?>
<collection xmlns="http://www.loc.gov/MARC21/slim">
 <record>
  <leader>02250cam a2200433Ka 4500</leader>
  <controlfield tag="001">8354898</controlfield>
  <controlfield tag="005">20110328110900.0</controlfield>
  <controlfield tag="006">m        d        </controlfield>
  <controlfield tag="007">cr |||||||||||</controlfield>
  <controlfield tag="008">110328s1993    iluaf   ob    000 0 eng  </controlfield>
  <controlfield tag="003">OLE</controlfield>
  <datafield tag="020" ind1=" " ind2=" ">
   <subfield code="a">0918986923 (alk. paper)</subfield>
  </datafield>
  <datafield tag="020" ind1=" " ind2=" ">
   <subfield code="a">9780918986924 (alk. paper)</subfield>
  </datafield>
  <datafield tag="035" ind1=" " ind2=" ">
   <subfield code="a">(OCoLC)709592702</subfield>
  </datafield>
  <datafield tag="035" ind1=" " ind2=" ">
   <subfield code="a">8354898</subfield>
  </datafield>
  <datafield tag="040" ind1=" " ind2=" ">
   <subfield code="a">CGU</subfield>
   <subfield code="c">CGU</subfield>
   <subfield code="d">CGU</subfield>
  </datafield>
  <datafield tag="043" ind1=" " ind2=" ">
   <subfield code="a">f-sj---</subfield>
  </datafield>
  <datafield tag="049" ind1=" " ind2=" ">
   <subfield code="a">CGUA</subfield>
  </datafield>
  <datafield tag="050" ind1="1" ind2="0">
   <subfield code="a">DT159.9</subfield>
   <subfield code="b">.S47 1993</subfield>
  </datafield>
  <datafield tag="100" ind1="1" ind2=" ">
   <subfield code="a">Williams, Bruce,</subfield>
   <subfield code="d">1943-</subfield>
  </datafield>
  <datafield tag="245" ind1="1" ind2="0">
   <subfield code="a">Excavations at Serra East</subfield>
   <subfield code="h">[electronic resource] :</subfield>
   <subfield code="b">parts 1-5, A-Group, C-Group, Pan Grave, New Kingdom, and X-Group remains from cemeteries A-G and rock shelters /</subfield>
   <subfield code="c">by Bruce Beyer Williams.</subfield>
  </datafield>
  <datafield tag="260" ind1=" " ind2=" ">
   <subfield code="a">Chicago, Ill. :</subfield>
   <subfield code="b">Oriental Institute of the University of Chicago,</subfield>
   <subfield code="c">1993.</subfield>
  </datafield>
  <datafield tag="300" ind1=" " ind2=" ">
   <subfield code="a">1 online resource (xxxii, 236 p., 43 p. of plates :</subfield>
   <subfield code="b">ill.)</subfield>
  </datafield>
  <datafield tag="490" ind1="1" ind2=" ">
   <subfield code="a">University of Chicago Oriental Institute Nubian Expedition ;</subfield>
   <subfield code="v">v. 10</subfield>
  </datafield>
  <datafield tag="500" ind1=" " ind2=" ">
   <subfield code="a">&quot;Campagne internationale pour la sauvegarde des monuments de la Nubie.&quot;</subfield>
  </datafield>
  <datafield tag="500" ind1=" " ind2=" ">
   <subfield code="a">&quot;George R. Hughes and James W. Knudstad, directors.&quot;</subfield>
  </datafield>
  <datafield tag="504" ind1=" " ind2=" ">
   <subfield code="a">Includes bibliographical references (p. xxiii-xxvi).</subfield>
  </datafield>
  <datafield tag="505" ind1="1" ind2=" ">
   <subfield code="a">[1] pts. 1-5. A-group, C-group, pan grave, New Kingdom, and X-group remains from cemeteries A-G and rock shelters.</subfield>
  </datafield>
  <datafield tag="651" ind1=" " ind2="0">
   <subfield code="a">Serra East Site (Sudan)</subfield>
  </datafield>
  <datafield tag="650" ind1=" " ind2="7">
   <subfield code="a">Excavations (Archaeology)</subfield>
   <subfield code="2">fast</subfield>
   <subfield code="0">http://id.worldcat.org/fast/fst00917564</subfield>
  </datafield>
  <datafield tag="651" ind1=" " ind2="7">
   <subfield code="a">Sudan</subfield>
   <subfield code="z">Serra East Site.</subfield>
   <subfield code="2">fast</subfield>
   <subfield code="0">http://id.worldcat.org/fast/fst01269932</subfield>
  </datafield>
  <datafield tag="650" ind1=" " ind2="0">
   <subfield code="a">Excavations (Archaeology)</subfield>
   <subfield code="z">Sudan</subfield>
   <subfield code="z">Serra East Site.</subfield>
  </datafield>
  <datafield tag="700" ind1="1" ind2=" ">
   <subfield code="a">Hughes, George R.</subfield>
   <subfield code="q">(George Robert),</subfield>
   <subfield code="d">1907-1992</subfield>
  </datafield>
  <datafield tag="700" ind1="1" ind2=" ">
   <subfield code="a">Knudstad, James W.</subfield>
  </datafield>
  <datafield tag="710" ind1="2" ind2=" ">
   <subfield code="a">University of Chicago.</subfield>
   <subfield code="b">Oriental Institute.</subfield>
  </datafield>
  <datafield tag="776" ind1="0" ind2="8">
   <subfield code="i">Print version:</subfield>
   <subfield code="a">Williams, Bruce, 1943-</subfield>
   <subfield code="t">Excavations at Serra East.</subfield>
   <subfield code="d">Chicago, Ill. : Oriental Institute of the University of Chicago, 1993</subfield>
   <subfield code="z">0918986923</subfield>
   <subfield code="w">(DLC) 92063040</subfield>
   <subfield code="w">(OCoLC)28868595</subfield>
   <subfield code="w">(ICU)1500545</subfield>
  </datafield>
  <datafield tag="810" ind1="2" ind2=" ">
   <subfield code="a">University of Chicago.</subfield>
   <subfield code="b">Oriental Institute.</subfield>
   <subfield code="b">Nubian Expedition.</subfield>
   <subfield code="t">University of Chicago Oriental Institute Nubian Expedition ;</subfield>
   <subfield code="v">v. 10.</subfield>
  </datafield>
  <datafield tag="856" ind1="4" ind2="0">
   <subfield code="u">http://bibpurl.oclc.org/web/42207</subfield>
  </datafield>
  <datafield tag="928" ind1=" " ind2=" ">
   <subfield code="u">http://bibpurl.oclc.org/web/42207</subfield>
   <subfield code="c">FullText</subfield>
   <subfield code="l">Online</subfield>
   <subfield code="t">LCC</subfield>
   <subfield code="a">DT135.N8W535 1993</subfield>
  </datafield>
 </record>
</collection>
